@misc{ramm2011openstreetmap,
  title={Open{S}treet{M}ap {D}ata in {L}ayered {GIS} {F}ormat},
  author={Ramm, Frederik},
  howpublished={\url{https://download.geofabrik.de/osm-data-in-gis-formats-free.pdf}
}}

@misc{gcp2018geographyfunctions,
title = {Geography {F}unctions in {S}tandard {SQL} ({G}oogle {C}loud)},
howpublished = {\url{https://cloud.google.com/bigquery/docs/reference/standard-sql/geography_functions}},
note = {(Accessed on 02/11/2019)}
}

@misc{gistsgcp9:online,
title = {{B}ig{Q}uery {G}ists in {T}hinking {M}achines},
howpublished = {\url{https://github.com/thinkingmachines/gists/tree/master/gcp/bq/gis}},
note = {(Accessed on 02/11/2019)}
}

@misc{PostgreS95:online,
title = {{P}ostgre{SQL} to {B}ig{Q}uery - {D}ata {E}xtraction and {L}oading {I}nstructions},
howpublished = {\url{http://postgres.tobigquery.com/}},
note = {(Accessed on 02/11/2019)}
}
