@misc{OGROGRSi11:online,
title = {{OGR}: {OGR} {S}imple {F}eature {L}ibrary},
howpublished = {\url{https://gdal.org/1.11/ogr/}},
note = {(Accessed on 02/19/2019)}
}

@misc{GDALGDAL24:online,
title = {{GDAL}: {GDAL} {U}tilities},
howpublished = {\url{https://www.gdal.org/gdal_utilities.html}},
note = {(Accessed on 02/19/2019)}
}
